@inproceedings{imdb,
  author    = {Maas, Andrew L.  and  Daly, Raymond E.  and  Pham, Peter T.  and  Huang, Dan  and  Ng, Andrew Y.  and  Potts, Christopher},
  title     = {Learning Word Vectors for Sentiment Analysis},
  booktitle = {Proceedings of the 49th Annual Meeting of the Association for Computational Linguistics: Human Language Technologies},
  month     = {June},
  year      = {2011},
  address   = {Portland, Oregon, USA},
  publisher = {Association for Computational Linguistics},
  pages     = {142--150},
  url       = {http://www.aclweb.org/anthology/P11-1015}
}


@article{distilbert,
  title={DistilBERT, a distilled version of BERT: smaller, faster, cheaper and lighter},
  author={Victor Sanh and Lysandre Debut and Julien Chaumond and Thomas Wolf},
  journal={ArXiv},
  year={2019},
  volume={abs/1910.01108},
  url={https://api.semanticscholar.org/CorpusID:203626972}
}

@article{gpt2,
    title={Language Models are Unsupervised Multitask Learners},
    author={Radford, Alec and Wu, Jeffrey and Child, Rewon and Luan, David and Amodei, Dario and Sutskever, Ilya},
    journal={OpenAI Blog},
    year={2019}
}